<record><leader>00000cas a2200000 a 4500</leader><controlfield tag="001">14575929</controlfield><controlfield tag="008">861030c19669999nyuwr ne      0   a0eng c</controlfield><datafield ind1=" " ind2=" " tag="010"><subfield code="a">sn 86003133 </subfield></datafield><datafield ind1=" " ind2=" " tag="040"><subfield code="a">NSD</subfield><subfield code="b">eng</subfield><subfield code="c">NSD</subfield><subfield code="d">NYS</subfield><subfield code="d">OCLCQ</subfield><subfield code="d">OCLCF</subfield><subfield code="d">OCLCO</subfield></datafield><datafield ind1=" " ind2=" " tag="012"><subfield code="l">1</subfield></datafield><datafield ind1="1" ind2=" " tag="022"><subfield code="a">0890-9881</subfield><subfield code="l">0890-9881</subfield><subfield code="2">1</subfield></datafield><datafield ind1="1" ind2=" " tag="029"><subfield code="a">AU@</subfield><subfield code="b">000020428278</subfield></datafield><datafield ind1=" " ind2=" " tag="032"><subfield code="a">520600</subfield><subfield code="b">USPS</subfield></datafield><datafield ind1=" " ind2=" " tag="037"><subfield code="b">2100 Clove Rd., Staten Island, NY 10305</subfield></datafield><datafield ind1=" " ind2=" " tag="042"><subfield code="a">nsdp</subfield><subfield code="a">pcc</subfield></datafield><datafield ind1=" " ind2=" " tag="043"><subfield code="a">n-us-ny</subfield></datafield><datafield ind1=" " ind2="0" tag="222"><subfield code="a">Staten Island register</subfield></datafield><datafield ind1="0" ind2="0" tag="245"><subfield code="a">Staten Island register.</subfield></datafield><datafield ind1=" " ind2=" " tag="260"><subfield code="a">S.I., N.Y. :</subfield><subfield code="b">Staten Island Register, Inc.,</subfield><subfield code="c">1966-</subfield></datafield><datafield ind1=" " ind2=" " tag="300"><subfield code="a">v. :</subfield><subfield code="b">ill. ;</subfield><subfield code="c">39-45 cm.</subfield></datafield><datafield ind1=" " ind2=" " tag="310"><subfield code="a">Weekly</subfield></datafield><datafield ind1="1" ind2=" " tag="362"><subfield code="a">Began in 1966.</subfield></datafield><datafield ind1=" " ind2=" " tag="500"><subfield code="a">"The Weekly Paper of Richmond County."</subfield></datafield><datafield ind1=" " ind2=" " tag="500"><subfield code="a">"Staten Island's Award-Winning Community Newspaper," 2002.</subfield></datafield><datafield ind1=" " ind2=" " tag="500"><subfield code="a">Publisher: Dan McDonough, Jr. &lt;2002-&gt;</subfield></datafield><datafield ind1=" " ind2=" " tag="515"><subfield code="a">Published alternate weeks in three editions with separate designations: North Shore (1966-1967), South Shore (1966-1967), Greater South Shore &lt;Vol. 1, no. 1 (May 24, 1967)-vol. 1, no. 14 (Dec. 13, 1967&gt;. Numbering continues Vol. no. of Greater South Shore ed. with individual issue nos.</subfield></datafield><datafield ind1=" " ind2=" " tag="530"><subfield code="a">Also issued on microfilm from the New York Public Library (1970-1985, 1988).</subfield></datafield><datafield ind1=" " ind2=" " tag="530"><subfield code="a">Also issued on the Internet.</subfield></datafield><datafield ind1=" " ind2=" " tag="580"><subfield code="a">Other eds.: North Shore (1966-Dec. 20, 1967); South Shore (1966-Dec. 27, 1967); Greater South Shore (May 24, 1967-Dec. 13, 1967).</subfield></datafield><datafield ind1=" " ind2=" " tag="588"><subfield code="a">Description based on: Vol. 4, no. 174 (Jan. 7, 1970). Latest issue consulted: vol. 35, no. 1792 (Apr. 2, 2002).</subfield></datafield><datafield ind1=" " ind2="0" tag="651"><subfield code="a">Staten Island (New York, N.Y.)</subfield><subfield code="v">Newspapers.</subfield></datafield><datafield ind1=" " ind2="0" tag="651"><subfield code="a">Richmond County (N.Y.)</subfield><subfield code="v">Newspapers.</subfield></datafield><datafield ind1=" " ind2="0" tag="651"><subfield code="a">New York (N.Y.)</subfield><subfield code="v">Newspapers.</subfield></datafield><datafield ind1=" " ind2="7" tag="655"><subfield code="a">Newspapers.</subfield><subfield code="2">fast</subfield><subfield code="0">(OCoLC)fst01423814</subfield></datafield><datafield ind1=" " ind2="7" tag="651"><subfield code="a">New York (State)</subfield><subfield code="z">New York.</subfield><subfield code="2">fast</subfield><subfield code="0">(OCoLC)fst01204333</subfield></datafield><datafield ind1=" " ind2="7" tag="651"><subfield code="a">New York (State)</subfield><subfield code="z">New York</subfield><subfield code="z">Staten Island.</subfield><subfield code="2">fast</subfield><subfield code="0">(OCoLC)fst01312784</subfield></datafield><datafield ind1=" " ind2="7" tag="651"><subfield code="a">New York (State)</subfield><subfield code="z">Richmond County.</subfield><subfield code="2">fast</subfield><subfield code="0">(OCoLC)fst01246820</subfield></datafield><datafield ind1=" " ind2=" " tag="752"><subfield code="a">United States</subfield><subfield code="b">New York</subfield><subfield code="c">Richmond.</subfield></datafield><datafield ind1=" " ind2=" " tag="752"><subfield code="a">United States</subfield><subfield code="b">New York</subfield><subfield code="d">New York.</subfield></datafield><datafield ind1="0" ind2=" " tag="775"><subfield code="t">Staten Island pennysaver</subfield></datafield><datafield ind1="0" ind2=" " tag="775"><subfield code="t">Staten Island register</subfield><subfield code="b">North Shore ed.</subfield><subfield code="g">-v. 2, no. 34 (Dec. 20, 1967)</subfield></datafield><datafield ind1="0" ind2=" " tag="775"><subfield code="t">Staten Island register</subfield><subfield code="b">South Shore ed.</subfield><subfield code="g">-v. 2, no. 42 (Dec. 27, 1967)</subfield></datafield><datafield ind1="0" ind2=" " tag="775"><subfield code="t">Staten Island register</subfield><subfield code="b">Greater South Shore ed.</subfield><subfield code="g">-v. 1, no. 14 (Dec. 13, 1967)</subfield></datafield><datafield ind1="1" ind2=" " tag="776"><subfield code="c">Microfilm</subfield><subfield code="w">(DLC)sn 86003133</subfield><subfield code="w">(OCoLC)30392675</subfield></datafield><datafield ind1="0" ind2="0" tag="780"><subfield code="t">Cash register (Staten Island, New York, N.Y.)</subfield><subfield code="w">(DLC)sn2001061950</subfield><subfield code="w">(OCoLC)47178641</subfield></datafield><datafield ind1="4" ind2="1" tag="856"><subfield code="u">http://www.siregister.com/</subfield></datafield></record>